
@online{examplewebsite,
  author        = {Wolf and Dewitt},
  note          = {2000; McGlone, 2004},
}
@online{sfm_matlab,
  note          = {Mathworks 2023},
  url           = {https://www.mathworks.com/help/vision/ug/structure-from-motion.html#:~:text=Structure%20from%20motion%20(SfM)%20is,localization%20and%20mapping%20(vSLAM).},
}
@online{open_cv,
  note          = {OpenCV 2024},
  url           = {https://docs.opencv.org/4.x/df/d54/tutorial_py_features_meaning.html},
}
@Book{Hartley2004, 
    author = "Hartley, R.~I. and Zisserman, A.",
    title = "Multiple View Geometry in Computer Vision",
    edition = "Second",
    year = "2004",
    publisher = "Cambridge University Press, ISBN: 0521540518"
}
@online{colmap,
  note = "Colmap 2024",
  url = "https://colmap.github.io/index.html",
}
@inproceedings{schoenberger2016sfm,
    author={Sch\"{o}nberger, Johannes Lutz and Frahm, Jan-Michael},
    title={Structure-from-Motion Revisited},
    booktitle={Conference on Computer Vision and Pattern Recognition (CVPR)},
    year={2016},
}

@inproceedings{schoenberger2016mvs,
    author={Sch\"{o}nberger, Johannes Lutz and Zheng, Enliang and Pollefeys, Marc and Frahm, Jan-Michael},
    title={Pixelwise View Selection for Unstructured Multi-View Stereo},
    booktitle={European Conference on Computer Vision (ECCV)},
    year={2016},
}
@ARTICLE {Ranftl2022,
    author  = "Ren\'{e} Ranftl and Katrin Lasinger and David Hafner and Konrad Schindler and Vladlen Koltun",
    title   = "Towards Robust Monocular Depth Estimation: Mixing Datasets for Zero-Shot Cross-Dataset Transfer",
    journal = "IEEE Transactions on Pattern Analysis and Machine Intelligence",
    year    = "2022",
    volume  = "44",
    number  = "3"
}
@article{Ranftl2021,
	author    = {Ren\'{e} Ranftl and Alexey Bochkovskiy and Vladlen Koltun},
	title     = {Vision Transformers for Dense Prediction},
	journal   = {ICCV},
	year      = {2021},
}

@article{neuraldiff,
  author       = {Vadim Tschernezki and
                  Diane Larlus and
                  Andrea Vedaldi},
  title        = {NeuralDiff: Segmenting 3D objects that move in egocentric videos},
  journal      = {CoRR},
  volume       = {abs/2110.09936},
  year         = {2021},
  url          = {https://arxiv.org/abs/2110.09936},
  eprinttype    = {arXiv},
  eprint       = {2110.09936},
  timestamp    = {Mon, 25 Oct 2021 20:07:12 +0200},
  biburl       = {https://dblp.org/rec/journals/corr/abs-2110-09936.bib},
  bibsource    = {dblp computer science bibliography, https://dblp.org}
}
@article{Lowe04_SIFT,
  author    = {David G. Lowe},
  title     = {Distinctive Image Features from Scale-Invariant Keypoints},
  journal   = {International Journal of Computer Vision},
  volume    = {60},
  number    = {2},
  pages     = {91--110},
  year      = {2004},
  doi       = {10.1023/B:VISI.0000029664.99615.94},
  url       = {http://www.cs.ubc.ca/~lowe/papers/ijcv04.pdf},
}

@article{einstein1905,
  author    = {Albert Einstein},
  title     = {On the Electrodynamics of Moving Bodies},
  journal   = {Annalen der Physik},
  volume    = {322},
  number    = {10},
  pages     = {891--921},
  year      = {1905},
  publisher = {Wiley-VCH},
  doi       = {10.1002/andp.19053221004},
}

@book{knuth1984,
  author    = {Donald E. Knuth},
  title     = {The \TeX{}book},
  year      = {1984},
  publisher = {Addison-Wesley},
  address   = {Reading, MA},
}

@inproceedings{lamport1986,
  author    = {Leslie Lamport},
  title     = {\LaTeX: A Document Preparation System},
  booktitle = {Proceedings of the 1986 USENIX Conference},
  year      = {1986},
  month     = {June},
}

@online{latexproject,
  title     = {The \LaTeX{} Project},
  author    = {{The \LaTeX{} Project Team}},
  year      = {2022},
  url       = {https://www.latex-project.org/},
  note      = {Accessed: 2022-01-14},
}